<?xml version="1.0" encoding="UTF-8"?><collection xmlns="http://www.loc.gov/MARC21/slim"><record><leader>00427nam--2200157-i-4500</leader><controlfield tag="001">000010877</controlfield><controlfield tag="002">20161230</controlfield><controlfield tag="005">20170306222826</controlfield><controlfield tag="008">060222s1000------------r-----000-0-eng-d</controlfield><datafield ind1=" " ind2=" " tag="245"><subfield code="a">Damage in laser materials proceedings</subfield></datafield><datafield ind1=" " ind2=" " tag="260"><subfield code="a">Washington</subfield><subfield code="b">U.S.Department Of Commerce</subfield><subfield code="c">1970</subfield></datafield><datafield ind1=" " ind2=" " tag="300"><subfield code="a">119 p</subfield></datafield><datafield ind1=" " ind2=" " tag="490"><subfield code="a">Nbs Special Publ</subfield></datafield><datafield ind1=" " ind2=" " tag="700"><subfield code="a">Glass, Alexander J</subfield></datafield><datafield ind1=" " ind2=" " tag="852"><subfield code="a">621.375.286(061.3)</subfield></datafield><datafield ind1=" " ind2=" " tag="CAT"><subfield code="a">SYS</subfield><subfield code="c">20170306</subfield><subfield code="h">222826</subfield></datafield></record></collection>